<record xmlns="http://www.loc.gov/MARC21/slim">
   <leader>01883cam a2200433 a 4500</leader>
   <controlfield tag="001">1405453</controlfield>
   <controlfield tag="008">910926s1985    snca     cb       0deng d</controlfield>
   <datafield ind1=" " ind2=" " tag="016">
      <subfield code="a">870044214</subfield>
   </datafield>
   <datafield ind1=" " ind2=" " tag="020">
      <subfield code="a">0919863175</subfield>
   </datafield>
   <datafield ind1=" " ind2=" " tag="035">
      <subfield code="a">ocm16184677</subfield>
   </datafield>
   <datafield ind1=" " ind2=" " tag="040">
      <subfield code="a">CaOONL</subfield>
      <subfield code="b">eng</subfield>
      <subfield code="c">CaOONL</subfield>
      <subfield code="d">AEED</subfield>
   </datafield>
   <datafield ind1=" " ind2=" " tag="049">
      <subfield code="a">AEU</subfield>
      <subfield code="b">eng</subfield>
   </datafield>
   <datafield ind1="0" ind2="0" tag="055">
      <subfield code="a">ND249 F65</subfield>
      <subfield code="b">A4 1985</subfield>
   </datafield>
   <datafield ind1="0" ind2="2" tag="055">
      <subfield code="a">ND249*</subfield>
   </datafield>
   <datafield ind1="0" ind2=" " tag="082">
      <subfield code="a">759.11</subfield>
      <subfield code="2">19</subfield>
   </datafield>
   <datafield ind1="0" ind2=" " tag="090">
      <subfield code="a">ND 249 F65 A4 1985</subfield>
   </datafield>
   <datafield ind1=" " ind2=" " tag="090">
      <subfield code="a">SOLO F775 1985</subfield>
      <subfield code="b">AEED</subfield>
   </datafield>
   <datafield ind1="1" ind2=" " tag="100">
      <subfield code="a">Arnold, Grant.</subfield>
   </datafield>
   <datafield ind1="1" ind2="0" tag="245">
      <subfield code="a">Mina Forsyth :</subfield>
      <subfield code="b">flowers and heads /</subfield>
      <subfield code="c">Grant Arnold.</subfield>
   </datafield>
   <datafield ind1=" " ind2=" " tag="260">
      <subfield code="a">Saskatoon :</subfield>
      <subfield code="b">Mendel Art Gallery,</subfield>
      <subfield code="c">c1985.</subfield>
   </datafield>
   <datafield ind1=" " ind2=" " tag="300">
      <subfield code="a">20 p. :</subfield>
      <subfield code="b">ill. (some col.) ;</subfield>
      <subfield code="c">28 cm.</subfield>
   </datafield>
   <datafield ind1=" " ind2=" " tag="336">
      <subfield code="a">text</subfield>
      <subfield code="b">txt</subfield>
      <subfield code="2">rdacontent</subfield>
   </datafield>
   <datafield ind1=" " ind2=" " tag="337">
      <subfield code="a">unmediated</subfield>
      <subfield code="b">n</subfield>
      <subfield code="2">rdamedia</subfield>
   </datafield>
   <datafield ind1=" " ind2=" " tag="338">
      <subfield code="a">volume</subfield>
      <subfield code="b">nc</subfield>
      <subfield code="2">rdacarrier</subfield>
   </datafield>
   <datafield ind1=" " ind2=" " tag="500">
      <subfield code="a">Catalogue of an exhibition held at the Godfrey Dean Cultural Centre, Yorkton, Sask., and other galleries, July 2, 1985-Apr. 27, 1986.</subfield>
   </datafield>
   <datafield ind1=" " ind2=" " tag="504">
      <subfield code="a">Bibliography: p. 20.</subfield>
   </datafield>
   <datafield ind1=" " ind2=" " tag="590">
      <subfield code="a">University of Alberta copy in the Worldwide Art Exhibition Catalogue Collection</subfield>
   </datafield>
   <datafield ind1=" " ind2=" " tag="590">
      <subfield code="a">University of Alberta copy in the Richard Spafford Western Canadian Legacy Collection.</subfield>
      <subfield code="5">CaAEU</subfield>
   </datafield>
   <datafield ind1=" " ind2=" " tag="596">
      <subfield code="a">2 38 43</subfield>
   </datafield>
   <datafield ind1="1" ind2="0" tag="600">
      <subfield code="a">Forsyth, Mina,</subfield>
      <subfield code="d">1920- </subfield>
      <subfield code="v">Exhibitions.</subfield>
   </datafield>
   <datafield ind1=" " ind2="0" tag="650">
      <subfield code="a">Flowers in art</subfield>
      <subfield code="v">Exhibitions.</subfield>
   </datafield>
   <datafield ind1=" " ind2="0" tag="650">
      <subfield code="a">Portrait painting, Canadian</subfield>
      <subfield code="v">Exhibitions.</subfield>
   </datafield>
   <datafield ind1="1" ind2=" " tag="700">
      <subfield code="a">Forsyth, Mina,</subfield>
      <subfield code="d">1920-</subfield>
   </datafield>
   <datafield ind1="2" ind2=" " tag="710">
      <subfield code="a">Mendel Art Gallery.</subfield>
   </datafield>
   <datafield ind1="2" ind2=" " tag="710">
      <subfield code="a">Godfrey Dean Cultural Centre.</subfield>
   </datafield>
   <datafield ind1=" " ind2=" " tag="926">
      <subfield code="a">ND 249 F65 A4 1985</subfield>
      <subfield code="w">LC</subfield>
      <subfield code="c">1</subfield>
      <subfield code="i">000038198776</subfield>
      <subfield code="l">ON_SHELF</subfield>
      <subfield code="m">UAHSS</subfield>
      <subfield code="p">$150.00</subfield>
      <subfield code="r">Y</subfield>
      <subfield code="s">Y</subfield>
      <subfield code="t">BOOK</subfield>
      <subfield code="u">11/27/1991</subfield>
   </datafield>
   <datafield ind1=" " ind2=" " tag="926">
      <subfield code="a">ND 249 F65 A4 1985</subfield>
      <subfield code="w">LC</subfield>
      <subfield code="c">2</subfield>
      <subfield code="i">0162012797179</subfield>
      <subfield code="l">ON_SHELF</subfield>
      <subfield code="m">UABARD</subfield>
      <subfield code="p">$150.00</subfield>
      <subfield code="r">Y</subfield>
      <subfield code="s">Y</subfield>
      <subfield code="t">BOOK</subfield>
      <subfield code="u">1/20/2003</subfield>
      <subfield code="o">.STAFF.  B0022823</subfield>
   </datafield>
   <datafield ind1=" " ind2=" " tag="926">
      <subfield code="a">ND 249 F65 A4 1985</subfield>
      <subfield code="w">LC</subfield>
      <subfield code="c">3</subfield>
      <subfield code="i">0162031229840</subfield>
      <subfield code="l">ON_SHELF</subfield>
      <subfield code="m">UABARD</subfield>
      <subfield code="p">$150.00</subfield>
      <subfield code="r">Y</subfield>
      <subfield code="s">Y</subfield>
      <subfield code="t">NO_LOAN</subfield>
      <subfield code="u">7/17/2012</subfield>
      <subfield code="o">.STAFF. B0052486</subfield>
   </datafield>
   <datafield ind1=" " ind2=" " tag="926">
      <subfield code="a">SOLO F775 1985</subfield>
      <subfield code="w">LC</subfield>
      <subfield code="c">1</subfield>
      <subfield code="i">0163800812501</subfield>
      <subfield code="l">AGL_ARTS</subfield>
      <subfield code="m">AGL_CAP</subfield>
      <subfield code="r">Y</subfield>
      <subfield code="s">Y</subfield>
      <subfield code="t">LOCAL_LOAN</subfield>
      <subfield code="u">12/23/2008</subfield>
   </datafield>
</record>
